@inproceedings{Du2016Recurrent,
  title={Recurrent Marked Temporal Point Processes: Embedding Event History to Vector},
  author={Du, Nan and Dai, Hanjun and Trivedi, Rakshit and Upadhyay, Utkarsh and Gomez-Rodriguez, Manuel and Song, Le},
  booktitle={ACM SIGKDD International Conference on Knowledge Discovery and Data Mining},
  pages={1555-1564},
  year={2016},
}

@inproceedings{Zhang2016Retweet,
  title={Retweet Prediction with Attention-based Deep Neural Network},
  author={Zhang, Qi and Gong, Yeyun and Wu, Jindou and Huang, Haoran and Huang, Xuanjing},
  booktitle={ACM International on Conference on Information and Knowledge Management},
  pages={75-84},
  year={2016},
}

@inproceedings{Hoang2017GPOP,
  title={GPOP: Scalable Group-level Popularity Prediction for Online Content in Social Networks},
  author={Hoang, Minh X and Dang, Xuan Hong and Wu, Xiang and Yan, Zhenyu and Singh, Ambuj K},
  booktitle={The  International Conference},
  pages={725-733},
  year={2017},
}

@misc{weibo,
    author = {WEIBO},
    title = {2017 微博用户发展报告},
    url = {http://tech.sina.com.cn/i/2017-05-16/doc-ifyfeius8009570.shtml},
    year = {2017},
}

@misc{CNNIC,
    author = {CNNIC},
    title = {第 41 次《中国互联网络发展状况统计报告》},
    url = {http://cnnic.cn/gywm/xwzx/rdxw/201801/t20180131_70188.htm},
    year = {2018},
}


@article{wuyue1,
  title={微博信息流行度预测研究综述},
  author={吴越 and 陈晓亮 and 蒋忠远},
  journal={西华大学学报(自然科学版)},
  volume={36},
  number={1},
  pages={1-6},
  year={2017},
}

@inproceedings{Gao2016Modeling,
  title={Modeling and Predicting Retweeting Dynamics via a Mixture Process},
  author={Gao, Jinhua and Shen, Huawei and Liu, Shenghua and Cheng, Xueqi},
  booktitle={International Conference Companion on World Wide Web},
  pages={33-34},
  year={2016},
}

@article{Srivastava2014Dropout,
  title={Dropout: a simple way to prevent neural networks from overfitting},
  author={Srivastava, Nitish and Hinton, Geoffrey and Krizhevsky, Alex and Sutskever, Ilya and Salakhutdinov, Ruslan},
  journal={Journal of Machine Learning Research},
  volume={15},
  number={1},
  pages={1929-1958},
  year={2014},
}

@inproceedings{Sch2006Efficient,
  title={Efficient Learning of Sparse Representations with an Energy-Based Model},
  author={Schölkopf, Bernhard and Platt, John and Hofmann, Thomas},
  booktitle={Advances in Neural Information Processing Systems},
  pages={1137 - 1144},
  year={2006},
}

@inproceedings{Deng2013New,
  title={New types of deep neural network learning for speech recognition and related applications: an overview},
  author={Deng, Li and Hinton, Geoffrey and Kingsbury, Brian},
  booktitle={IEEE International Conference on Acoustics, Speech and Signal Processing},
  pages={8599-8603},
  year={2013},
}
@article{Hinton2012Deep,
  title={Deep Neural Networks for Acoustic Modeling in Speech Recognition: The Shared Views of Four Research Groups},
  author={Hinton, Geoffrey and Deng, Li and Yu, Dong and Dahl, George E. and Mohamed, Abdelrahman and Jaitly, Navdeep and Senior, Andrew and Vanhoucke, Vincent and Nguyen, Patrick and Sainath, Tara N.},
  journal={IEEE Signal Processing Magazine},
  volume={29},
  number={6},
  pages={82-97},
  year={2012},
}


@article{shaojian2,
  title={Hashtag研究综述},
  author={邵健 and 章成志 and 李蕾},
  journal={现代图书情报技术},
  volume={31},
  number={10},
  pages={40-49},
  year={2015},
}

@inproceedings{pinto2013using,
  title={Using early view patterns to predict the popularity of youtube videos},
  author={Pinto, Henrique and Almeida, Jussara M and Gon{\c{c}}alves, Marcos A},
  booktitle={Proceedings of the sixth ACM international conference on Web search and data mining},
  pages={365--374},
  year={2013},
  organization={ACM}
}

@article{Maki1973Mathematical,
  title={Mathematical models and applications : with emphasis on the social, life, and management sciences / Daniel P. Maki, Maynard Thompson},
  author={Maki, Daniel P. and Thompson, Maynard.},
  year={1973},
} 

@article{WANG2013ReTweeting,
  title={ReTweeting Analysis and Prediction in Microblogs: An Epidemic Inspired Approach},
  author={WANG and Yiping and FENG and Zhuonan and FENG and Ling},
  journal={China Communications},
  volume={10},
  number={3},
  pages={13-24},
  year={2013},
}

@inproceedings{Yang2011Modeling,
  title={Modeling Information Diffusion in Implicit Networks.},
  author={Yang, Jaewon and Leskovec, Jure},
  booktitle={IEEE  International Conference on Data Mining},
  pages={599-608},
  year={2011},
}

@article{Daley1965Stochastic,
  title={Stochastic Rumours},
  author={Daley, D. J. and Kendall, D. G.},
  journal={Ima Journal of Applied Mathematics},
  volume={1},
  number={1},
  pages={42-55},
  year={1965},
}

@inproceedings{hong2011predicting,
  title={Predicting popular messages in twitter},
  author={Hong, Liangjie and Dan, Ovidiu and Davison, Brian D},
  booktitle={Proceedings of the 20th international conference companion on World wide web},
  pages={57--58},
  year={2011},
  organization={ACM}
}
@article{Hu2016Predicting,
  title={Predicting the popularity of viral topics based on time series forecasting},
  author={Hu, Ying and Hu, Changjun and Fu, Shushen and Shi, Peng and Ning, Bowen},
  journal={Neurocomputing},
  volume={210},
  pages={55-65},
  year={2016},
}

@inproceedings{Tatar2011Predicting,
  title={Predicting the popularity of online articles based on user comments},
  author={Tatar, Alexandru and Antoniadis, Panayotis and Limbourg, Arnaud and Amorim, Marcelo Dias De and Fdida, Serge},
  booktitle={International Conference on Web Intelligence, Mining and Semantics, Wims 2011, Sogndal, Norway, May},
  pages={1-8},
  year={2011},
}

@inproceedings{tsur2012s,
  title={What's in a hashtag?: content based prediction of the spread of ideas in microblogging communities},
  author={Tsur, Oren and Rappoport, Ari},
  booktitle={Proceedings of the fifth ACM international conference on Web search and data mining},
  pages={643--652},
  year={2012},
  organization={ACM}
}

@inproceedings{Gao2014Popularity,
  title={Popularity Prediction in Microblogging Network},
  author={Gao, Shuai and Ma, Jun and Chen, Zhumin},
  booktitle={Asia-Pacific Web Conference},
  pages={379-390},
  year={2014},
}

@inproceedings{romero2013interplay,
  title={On the Interplay between Social and Topical Structure.},
  author={Romero, Daniel M and Tan, Chenhao and Ugander, Johan},
  booktitle={ICWSM},
  year={2013}
}
@article{szabo2010predicting,
  title={Predicting the popularity of online content},
  author={Szabo, Gabor and Huberman, Bernardo A},
  journal={Communications of the ACM},
  volume={53},
  number={8},
  pages={80--88},
  year={2010},
  publisher={ACM}
}

@article{small2011hashtag,
  title={What the hashtag? A content analysis of Canadian politics on Twitter},
  author={Small, Tamara A},
  journal={Information, Communication $\&$ Society},
  volume={14},
  number={6},
  pages={872--895},
  year={2011},
  publisher={Taylor $\&$ Francis}
}

@article{Hughes2009Twitter,
  title={Twitter Adoption and Use in Mass Convergence and Emergency Events},
  author={Hughes, Amanda Lee 1},
  journal={International Journal of Emergency Management},
  volume={6},
  number={3/4},
  pages={248-260},
  year={2009},
}


@inproceedings{Bakshy2011Everyone,
  title={Everyone's an influencer: quantifying influence on twitter},
  author={Bakshy, Eytan and Hofman, Jake M. and Mason, Winter A. and Watts, Duncan J.},
  booktitle={ACM International Conference on Web Search $\&$ Data Mining},
  pages={65--74},
  year={2011},
}


@article{Bahdanau2014Neural,
  title={Neural Machine Translation by Jointly Learning to Align and Translate},
  author={Bahdanau, Dzmitry and Cho, Kyunghyun and Bengio, Yoshua},
  journal={Computer Science},
  year={2014},
}

@article{Komer2014Hyperopt,
  title={Hyperopt-Sklearn: Automatic Hyperparameter Configuration for Scikit-Learn},
  author={Komer, Brent and Bergstra, James and Eliasmith, Chris},
  journal={Icml Automl Workshop},
  year={2014},
}

@article{Abadi2016TensorFlow,
  title={TensorFlow: learning functions at scale},
  author={Abadi, MartÃ­n},
  journal={Acm Sigplan Notices},
  volume={51},
  number={9},
  pages={1-1},
  year={2016},
}

@inproceedings{Cao2017DeepHawkes,
  title={DeepHawkes: Bridging the Gap between Prediction and Understanding of Information Cascades},
  author={Cao, Qi and Shen, Huawei and Cen, Keting and Ouyang, Wentao and Cheng, Xueqi},
  pages={1149-1158},
  year={2017},
}

@inproceedings{Yang2017Hierarchical,
  title={Hierarchical Attention Networks for Document Classification},
  author={Yang, Zichao and Yang, Diyi and Dyer, Chris and He, Xiaodong and Smola, Alex and Hovy, Eduard},
  booktitle={Conference of the North American Chapter of the Association for Computational Linguistics: Human Language Technologies},
  pages={1480-1489},
  year={2017},
}

@article{Luong2015Effective,
  title={Effective Approaches to Attention-based Neural Machine Translation},
  author={Luong, Minh Thang and Pham, Hieu and Manning, Christopher D},
  journal={Computer Science},
  year={2015},
}

@inproceedings{Tang2015LINE,
  title={LINE:Large-scale Information Network Embedding},
  author={Tang, Jian and Qu, Meng and Wang, Mingzhe and Zhang, Ming and Yan, Jun and Mei, Qiaozhu},
  pages={1067-1077},
  year={2015},
}

@article{Perozzi2014DeepWalk,
  title={DeepWalk:online learning of social representations},
  author={Perozzi, Bryan and Al-Rfou, Rami and Skiena, Steven},
  pages={701-710},
  year={2014},
}

@inproceedings{Du2010Nonnegative,
  title={Nonnegative Matrix Factorization},
  author={Du, Ke Lin and Swamy, M. N. S.},
  booktitle={Twenty-Fourth AAAI Conference on Artificial Intelligence},
  pages={506-511},
  year={2010},
}

@article{Blei2003Latent,
  title={Latent dirichlet allocation},
  author={Blei, David M and Ng, Andrew Y and Jordan, Michael I},
  journal={J Machine Learning Research Archive},
  volume={3},
  pages={993-1022},
  year={2003},
}

@inproceedings{Yuan2015LightLDA,
  title={LightLDA:Big Topic Models on Modest Computer Clusters},
  author={Yuan, Jinhui and Gao, Fei and Ho, Qirong and Dai, Wei and Wei, Jinliang and Zheng, Xun and Xing, Eric Po and Liu, Tie Yan and Ma, Wei Ying},
  booktitle={International Conference on World Wide Web},
  pages={1351-1361},
  year={2015},
}

@article{Watts2016Everyone,
  title={Everyone's an influencer: quantifying influence on twitter},
  author={Watts, Duncan},
  pages={65-74},
  year={2016},
}

@article{Davenport2001The,
  title={The rise of knowledge towards attention management},
  author={Davenport, Thomas H. and Völpel, Sven C.},
  journal={Journal of Knowledge Management},
  volume={5},
  number={5},
  pages={212-222},
  year={2001},
}


@article{Deller2011Twittering,
  title={Twittering on: Audience research and participation using Twitter},
  author={Deller, Ruth},
  year={2011},
}

@inproceedings{Tsur2012What,
  title={What's in a hashtag?: content based prediction of the spread of ideas in microblogging communities},
  author={Tsur, Oren and Rappoport, Ari},
  booktitle={ACM International Conference on Web Search and Data Mining},
  pages={643-652},
  year={2012},
}


@article{Cheng2014Can,
  title={Can cascades be predicted?},
  author={Cheng, Justin and Adamic, Lada and Dow, P. Alex and Kleinberg, Jon Michael and Leskovec, Jure},
  pages={925-936},
  year={2014},
}

@article{Shulman2016Predictability,
  title={Predictability of Popularity: Gaps between Prediction and Understanding},
  author={Shulman, Benjamin and Sharma, Amit and Dan, Cosley},
  year={2016},
}

@inproceedings{Jamali2009Digging,
  title={Digging Digg: Comment Mining, Popularity Prediction, and Social Network Analysis},
  author={Jamali, Salman and Rangwala, Huzefa},
  booktitle={International Conference on Web Information Systems and Mining},
  pages={32-38},
  year={2009},
}

@article{Li2016DeepCas,
  title={DeepCas: An End-to-end Predictor of Information Cascades},
  author={Li, Cheng and Ma, Jiaqi and Guo, Xiaoxiao and Mei, Qiaozhu},
  pages={577-586},
  year={2016},
}

@article{Shen2014Modeling,
  title={Modeling and Predicting Popularity Dynamics via Reinforced Poisson Processes},
  author={Shen, Hua Wei and Wang, Dashun and Song, Chaoming and Barabási, Albertlászló},
  volume={1},
  pages={291-297},
  year={2014},
}


@inproceedings{Kong2014Predicting,
  title={Predicting bursts and popularity of hashtags in real-time},
  author={Kong, Shoubin and Mei, Qiaozhu and Feng, Ling and Ye, Fei and Zhao, Zhe},
  pages={927-930},
  year={2014},
}

@inproceedings{Mishra2016Feature,
  title={Feature Driven and Point Process Approaches for Popularity Prediction},
  author={Mishra, Swapnil and Rizoiu, Marian Andrei and Xie, Lexing},
  booktitle={ACM International on Conference on Information and Knowledge Management},
  pages={1069-1078},
  year={2016},
}
@article{Rumelhart1988Learning,
  title={Learning representations by back-propagating errors.},
  author={Rumelhart, David E and Hinton, Geoffrey E and Williams, Ronald J},
  journal={Readings in Cognitive Science},
  volume={323},
  number={6088},
  pages={399-421},
  year={1988},
}
@inproceedings{He2016Deep,
  title={Deep Residual Learning for Image Recognition},
  author={He, Kaiming and Zhang, Xiangyu and Ren, Shaoqing and Sun, Jian},
  booktitle={Computer Vision and Pattern Recognition},
  pages={770-778},
  year={2016},
}

@inproceedings{Krizhevsky2012ImageNet,
  title={ImageNet classification with deep convolutional neural networks},
  author={Krizhevsky, Alex and Sutskever, Ilya and Hinton, Geoffrey E.},
  booktitle={International Conference on Neural Information Processing Systems},
  pages={1097-1105},
  year={2012},
}

@inproceedings{Szegedy2015Going,
  title={Going deeper with convolutions},
  author={Szegedy, Christian and Liu, Wei and Jia, Yangqing and Sermanet, Pierre and Reed, Scott and Anguelov, Dragomir and Erhan, Dumitru and Vanhoucke, Vincent and Rabinovich, Andrew},
  booktitle={IEEE Conference on Computer Vision and Pattern Recognition},
  pages={1-9},
  year={2015},
}

@article{He2016Identity,
  title={Identity Mappings in Deep Residual Networks},
  author={He, Kaiming and Zhang, Xiangyu and Ren, Shaoqing and Sun, Jian},
  pages={630-645},
  year={2016},
}

@article{Werbos1994The,
  title={The Roots of Backpropagation: From Ordered Derivatives to Neural Networks and Political Forecasting},
  author={Werbos, Paul John},
  year={1994},
}

@article{Bao2013Popularity,
  title={Popularity Prediction in Microblogging Network: A Case Study on Sina Weibo},
  author={Bao, Peng and Shen, Hua Wei and Huang, Junming and Cheng, Xueqi},
  pages={177-178},
  year={2013},
}

@inproceedings{Ma2012Will,
  title={Will this $\#$ hashtag be popular tomorrow?},
  author={Ma, Zongyang and Sun, Aixin and Cong, Gao},
  booktitle={Proceedings of the 35th international ACM SIGIR conference on Research and development in information retrieval},
  pages={1173-1174},
  year={2012},
}


@article{Ma2013On,
  title={On predicting the popularity of newly emerging hashtags in Twitter},
  author={Ma, Zongyang and Sun, Aixin and Cong, Gao},
  journal={Journal of the Association for Information Science $\&$ Technology},
  volume={64},
  number={7},
  pages={1399–1410},
  year={2013},
}

@article{Romero2013On,
  title={On the Interplay between Social and Topical Structure},
  author={Romero, Daniel M. and Tan, Chenhao and Ugander, Johan},
  year={2013},
}

@article{Cheng2008An,
  title={An Online Public Opinion Forecast Model Based on Time Series},
  author={Cheng, Hui and Liu, Yun},
  journal={Journal of Internet Technology},
  volume={9},
  number={5},
  pages={429-432},
  year={2008},
}

@inproceedings{Yang2011Patterns,
  title={Patterns of temporal variation in online media},
  author={Yang, Jaewon and Leskovec, Jure},
  booktitle={ACM International Conference on Web Search and Data Mining},
  pages={177-186},
  year={2011},
}

@inproceedings{Matsubara2012Rise,
  title={Rise and fall patterns of information diffusion:model and implications},
  author={Matsubara, Yasuko and Sakurai, Yasushi and Prakash, B. Aditya and Li, Lei and Faloutsos, Christos},
  booktitle={ACM SIGKDD International Conference on Knowledge Discovery and Data Mining},
  pages={6-14},
  year={2012},
}


@article{Figueiredo2016TrendLearner,
  title={TrendLearner: Early Prediction of Popularity Trends of User Generated Content},
  author={Figueiredo, Flavio and Almeida, Jussara M. and Marcos André Gon?alves and Benevenuto, Fabrício},
  journal={Information Sciences},
  volume={349-350},
  pages={172-187},
  year={2016},
}


@article{Xiong2012An,
  title={An information diffusion model based on retweeting mechanism for online social media},
  author={Xiong, Fei and Liu, Yun and Zhang, Zhen Jiang and Zhu, Jiang and Zhang, Ying},
  journal={Physics Letters A},
  volume={376},
  number={30-31},
  pages={2103-2108},
  year={2012},
}


@inproceedings{wang2012re,
  title={Re-tweeting from a linguistic perspective},
  author={Wang, Aobo and Chen, Tao and Kan, Min-Yen},
  booktitle={Proceedings of the second workshop on language in social media},
  pages={46--55},
  year={2012},
  organization={Association for Computational Linguistics}
}

@inproceedings{Lakkaraju2011Attention,
  title={Attention prediction on social media brand pages},
  author={Lakkaraju, Himabindu and Ajmera, Jitendra},
  booktitle={ACM International Conference on Information and Knowledge Management},
  pages={2157-2160},
  year={2011},
}

@inproceedings{Lee2010An,
  title={An Approach to Model and Predict the Popularity of Online Contents with Explanatory Factors},
  author={Lee, Jong Gun and Moon, Sue and Salamatian, Kave},
  booktitle={Ieee/wic/acm International Conference on Web Intelligence and Intelligent Agent Technology},
  pages={623-630},
  year={2010},
}
